@article{Landauer1998,
  author = {Landauer, T.K. and Foltz, P.W. and Laham, D.},
  journal = {Discourse processes},
  pages = {259--284},
  publisher = {ABLEX PUBLISHING CO},
  title = {An introduction to latent semantic analysis},
  volume = 25,
  year = 1998}

@mastersthesis{mugo10,
  key =      {mugo10},
  author =   {David Muchangi Mugo},
  title =    {Connecting People using Latent Semantic Analysis for Knowledge Sharing},
  school =   {Hamburg University of Technology},
  month =    jan,
  year =     2010
}

@article{mica04,
 author = {Micarelli, Alessandro and Sciarrone, Filippo},
 title = {Anatomy and Empirical Evaluation of an Adaptive Web-Based Information Filtering System},
 journal = {User Modeling and User-Adapted Interaction},
 volume = {14},
 number = {2-3},
 year = {2004},
 issn = {0924-1868},
 pages = {159--200},
 doi = {http://dx.doi.org/10.1023/B:USER.0000028981.43614.94},
 publisher = {Kluwer Academic Publishers},
 address = {Hingham, MA, USA}
 }

@book{Mann08,
 author = {Manning, Christopher D. and Raghavan, Prabhakar and Schtze, Hinrich},
 title = {Introduction to Information Retrieval},
 year = {2008},
 isbn = {0521865719, 9780521865715},
 publisher = {Cambridge University Press},
 address = {New York, NY, USA}
 }

@inproceedings{SemSearch2008,
  editor    = {Stephan Bloehdorn and
               Marko Grobelnik and
               Peter Mika and
               Duc Thanh Tran},
  title     = {Proceedings of the Workshop on Semantic Search (SemSearch
               2008) at the 5th European Semantic Web Conference (ESWC
               2008), Tenerife, Spain, June 2nd, 2008},
  booktitle = {SemSearch},
  publisher = {CEUR-WS.org},
  series    = {CEUR Workshop Proceedings},
  volume    = {334},
  year      = {2008}
}

@article{Deerw90_LSA,
  author = {Scott Deerwester and Susan T. Dumais and George W. Furnas and Thomas K. Landauer and Richard Harshman},
  journal = {Journal of the American Society for Information Science},
  pages = {391--407},
  title = {Indexing by Latent Semantic Analysis},
  volume = 41,
  year = 1990,
  keywords = {ir semantic},
  added-at = {2009-10-02T01:24:34.000+0200},
  biburl = {http://www.bibsonomy.org/bibtex/2025700bac0d121a9d476ba604d84da81/jhandcock}
}
